<record><leader>00000cas a2200000 a 4500</leader><controlfield tag="001">14907066</controlfield><controlfield tag="008">861201d1872187umiudn ne      0    0eng c</controlfield><datafield ind1=" " ind2=" " tag="010"><subfield code="a">sn 86053935 </subfield></datafield><datafield ind1=" " ind2=" " tag="040"><subfield code="a">NPX</subfield><subfield code="b">eng</subfield><subfield code="c">NPX</subfield><subfield code="d">MHN</subfield><subfield code="d">OCL</subfield><subfield code="d">OCLCQ</subfield><subfield code="d">OCLCF</subfield><subfield code="d">OCLCO</subfield></datafield><datafield ind1="1" ind2=" " tag="029"><subfield code="a">AU@</subfield><subfield code="b">000025797512</subfield></datafield><datafield ind1=" " ind2=" " tag="042"><subfield code="a">pcc</subfield></datafield><datafield ind1=" " ind2=" " tag="043"><subfield code="a">n-us-mi</subfield></datafield><datafield ind1="0" ind2=" " tag="130"><subfield code="a">Daily gazette (Kalamazoo, Mich. : 1872)</subfield></datafield><datafield ind1="1" ind2="4" tag="245"><subfield code="a">The daily gazette.</subfield></datafield><datafield ind1=" " ind2=" " tag="260"><subfield code="a">Kalamazoo, Mich. :</subfield><subfield code="b">[A.J. Shakespeare]</subfield></datafield><datafield ind1=" " ind2=" " tag="300"><subfield code="a">v.</subfield></datafield><datafield ind1=" " ind2=" " tag="310"><subfield code="a">Daily (except Mon.)</subfield></datafield><datafield ind1="0" ind2=" " tag="362"><subfield code="a">Vol. 1, no. 1 (Mar. 26, 1872)-v. 1, no. 199 (Nov. 10, 1872) ; v. 2, no. 1 (Mar. 28, 1876)-</subfield></datafield><datafield ind1=" " ind2=" " tag="515"><subfield code="a">Suspended from Nov. 12, 1872-Mar. 26, 1876.</subfield></datafield><datafield ind1=" " ind2=" " tag="580"><subfield code="a">Weekly ed.: Kalamazoo gazette (Kalamazoo, Mich. : 1837), then: Kalamazoo weekly gazette.</subfield></datafield><datafield ind1=" " ind2="0" tag="651"><subfield code="a">Kalamazoo (Mich.)</subfield><subfield code="v">Newspapers.</subfield></datafield><datafield ind1=" " ind2="0" tag="651"><subfield code="a">Kalamazoo County (Mich.)</subfield><subfield code="v">Newspapers.</subfield></datafield><datafield ind1=" " ind2="7" tag="655"><subfield code="a">Newspapers.</subfield><subfield code="2">fast</subfield><subfield code="0">(OCoLC)fst01423814</subfield></datafield><datafield ind1=" " ind2="7" tag="651"><subfield code="a">Michigan</subfield><subfield code="z">Kalamazoo.</subfield><subfield code="2">fast</subfield><subfield code="0">(OCoLC)fst01204469</subfield></datafield><datafield ind1=" " ind2="7" tag="651"><subfield code="a">Michigan</subfield><subfield code="z">Kalamazoo County.</subfield><subfield code="2">fast</subfield><subfield code="0">(OCoLC)fst01204722</subfield></datafield><datafield ind1=" " ind2=" " tag="752"><subfield code="a">United States</subfield><subfield code="b">Michigan</subfield><subfield code="c">Kalamazoo</subfield><subfield code="d">Kalamazoo.</subfield></datafield><datafield ind1="1" ind2=" " tag="775"><subfield code="t">Kalamazoo gazette (Kalamazoo, Mich. : 1837)</subfield><subfield code="w">(DLC)sn 83016614</subfield><subfield code="w">(OCoLC)9940325</subfield></datafield><datafield ind1="1" ind2=" " tag="775"><subfield code="t">Kalamazoo weekly gazette</subfield><subfield code="w">(DLC)sn 86053937</subfield><subfield code="w">(OCoLC)14907092</subfield></datafield><datafield ind1="0" ind2="0" tag="785"><subfield code="t">Kalamazoo gazette (Kalamazoo, Mich. : 1877)</subfield><subfield code="w">(DLC)sn 96077097</subfield><subfield code="w">(OCoLC)35669327</subfield></datafield></record>